<?xml version="1.0" encoding="UTF-8"?><marc:record xmlns:marc="http://www.loc.gov/MARC21/slim" xmlns:xsi="http://www.w3.org/2001/XMLSchema-instance" xsi:schemaLocation="http://www.loc.gov/MARC21/slim http://www.loc.gov/standards/marcxml/schema/MARC21slim.xsd"><marc:leader>00620nam a22     7i 4500</marc:leader><marc:controlfield tag="001">1483196</marc:controlfield><marc:controlfield tag="003">NL-AMISG</marc:controlfield><marc:controlfield tag="005">20141215125445.0</marc:controlfield><marc:controlfield tag="008">131203s2013    xxk                 eng d</marc:controlfield><marc:datafield ind1=" " ind2=" " tag="020"><marc:subfield code="a">9781848933781</marc:subfield></marc:datafield><marc:datafield ind1=" " ind2=" " tag="040"><marc:subfield code="a">NL-AMISG</marc:subfield></marc:datafield><marc:datafield ind1="1" ind2="0" tag="245"><marc:subfield code="a">Bonded labour and debt in the Indian Ocean world /</marc:subfield><marc:subfield code="c">ed. by Gwyn Campbell and Alessandro Stanziani.</marc:subfield></marc:datafield><marc:datafield ind1=" " ind2=" " tag="260"><marc:subfield code="a">London [etc.] :</marc:subfield><marc:subfield code="b">Pickering and Chatto,</marc:subfield><marc:subfield code="c">2013.</marc:subfield></marc:datafield><marc:datafield ind1=" " ind2=" " tag="300"><marc:subfield code="a">XIII, 240 pp.</marc:subfield></marc:datafield><marc:datafield ind1="1" ind2=" " tag="700"><marc:subfield code="a">Campbell, Gwyn.</marc:subfield><marc:subfield code="0">(NL-AMISG)486678</marc:subfield></marc:datafield><marc:datafield ind1="1" ind2=" " tag="700"><marc:subfield code="a">Stanziani, Alessandro.</marc:subfield><marc:subfield code="0">(NL-AMISG)334227</marc:subfield></marc:datafield><marc:datafield ind1=" " ind2="0" tag="830"><marc:subfield code="a">Financial history ;</marc:subfield><marc:subfield code="v">23.</marc:subfield><marc:subfield code="0">(NL-AMISG)545563</marc:subfield></marc:datafield><marc:datafield ind1=" " ind2=" " tag="902"><marc:subfield code="a">10622/0D761381-F8D5-43D0-9AD7-EB3109ED6C80</marc:subfield></marc:datafield><marc:datafield ind1="4" ind2=" " tag="852"><marc:subfield code="a">IISG</marc:subfield><marc:subfield code="b">IISG</marc:subfield><marc:subfield code="c">NEHA</marc:subfield><marc:subfield code="j">2012/4228</marc:subfield><marc:subfield code="n">Available</marc:subfield><marc:subfield code="p">30830498304</marc:subfield></marc:datafield><marc:datafield ind1=" " ind2=" " tag="901"><marc:subfield code="a">1483196</marc:subfield><marc:subfield code="b"/><marc:subfield code="c">1483196</marc:subfield><marc:subfield code="t">biblio</marc:subfield></marc:datafield></marc:record>